% hfut.bib
% Encoding: UTF8

@article{knuth84,
  author     = {Donald E. Knuth},
  title      = {Literate Programming},
  journal    = {The Computer Journal},
  year       = {1984},
  number     = {2},
  volume     = {27},
  pages      = {97--111},
}

@book{knuth86a,
  author     = {Donald E. Knuth},
  title      = {The {\TeX}book},
  volume     = {A},
  publisher  = {Addison-Wesley},
  address    = {Reading, MA, USA},
  year       = {1986},
  series     = {Computers and Typesetting},
}


@book{tlc2,
  author     = {Frank Mittelbach and Michel Goossens and Johannes
                 Braams and David Carlisle},
  title      = {The {\LaTeX} Companion},
  publisher  = {Addison-Wesley},
  address    = {Reading, MA, USA},
  edition    = {2},
  year       = {2004},
}



@article{马建勋1997筒仓在地震作用下的计算理论,
  title   = {筒仓在地震作用下的计算理论},
  author  = {马建勋 and 梅占馨},
  journal = {土木工程学报},
  volume  = {30},
  number  = {1},
  pages   = {25--30},
  year    = {1997}
}

@article{abdel2006numerical,
  title     = {A numerical investigation into the behavior of ground-supported concrete silos filled with saturated solids},
  author    = {Abdel-Fattah, Mohamed T and Moore, Ian D and Abdel-Fattah, Tarek T},
  journal   = {International Journal of Solids and Structures},
  volume    = {43},
  number    = {13},
  pages     = {3723--3738},
  year      = {2006},
  publisher = {Elsevier}
}


@article{nagai1999properties,
  title     = {Properties of myofibrillar protein from Japanese stingfish ({\itshape{}Sebastes inermis}) dorsal muscle},
  author    = {Nagai, Takeshi and Kurata, Masato and Nakamura, Takashi and Ito, Tatsumi and Fujiki, Kazuhiro and Nakao, Miki and Yano, Tomoki},
  journal   = {Food Research International},
  volume    = {32},
  number    = {6},
  pages     = {401--405},
  year      = {1999},
  publisher = {Elsevier}
}

@book{姚伯英1990构筑物抗震,
  title     = {构筑物抗震},
  author    = {姚伯英 and 侯忠良},
  year      = {1990},
  publisher = {测绘出版社},
  address   = {北京}
}

@book{skolnik1990radar,
  title     = {Radar Handbook},
  author    = {Skolnik, Merrill I},
  year      = {1990},
  publisher = {McGraw-Hill},
  address   = {New York}
}

@inproceedings{汤明2006液态聚碳硅烷改性对固态聚碳硅烷纺丝和交联性能的影响,
  title     = {液态聚碳硅烷改性对固态聚碳硅烷纺丝和交联性能的影响},
  author    = {汤明 and 余兆菊 and 兰琳 and 陈立富 and 张颖 and 张立同},
  address   = {北京},
  publisher = {中国宇航出版社},
  pages     = {106--109},
  editor    = {郭玉明},
  booktitle = {第十四届全国复合材料学术会议论文集},
  year      = {2006}
}

@article{harris1985experimental,
  title     = {Experimental determination of effective weight of stored material for use in seismic design of silos},
  author    = {Harris, Ernest C and von Nad, John Duris},
  journal   = {ACI Journal Proceedings},
  volume    = {82},
  number    = {6},
  pages     = {828--833},
  year      = {1985}
}

@phdthesis{金宏1998导航系统的精度及容错性能的研究,
  title   = {导航系统的精度及容错性能的研究},
  author  = {金宏},
  address = {北京},
  school  = {北京航空航天大学自动控制系},
  year    = {1998}
}

@patent{姜锡洲1989一种温热外敷药制备方案,
  title   = {一种温热外敷药制备方案},
  author  = {姜锡洲},
  address = {中国},
  number  = {881056073},
  date    = {1989-07-06},
}

@standard{构筑物抗震设计规范,
  title  = {构筑物抗震设计规范},
  number = {GB 50191—93},
}

@standard{汉语拼音正词法基本规则,
  title  = {汉语拼音正词法基本规则},
  number = {GB/T 16159—1996}
}

@newspaper{谢希德1998创造学习的新思路,
  title   = {创造学习的新思路},
  author  = {谢希德},
  journal = {人民日报},
  number  = {10},
  date    = {1998-12-25}
}

@techreport{nho2000automatic,
  title        = {Automatic landing system design using fuzzy logic},
  author       = {Nho, Kyungmoon},
  address      = {Hefei},
  institution  = {AIAA},
  year         = {1998}
}

@online{pacs1989public,
  author      = {{Pacs}},
  title       = {The public-access computer systems forum},
  publisher   = {University of Houston Libraries},
  year        = {1989},
  urldate     = {1995.05.17}
}

@online{hopkinson1998dc,
  title   = {Dublin Core},
  author  = {Hopkinson, Alan and Metadata},
  url     = {http://www.ifls.org/IV/ifla64/138-161e.htm},
  urldate = {1999-12-08},
}

@inproceedings{zhangwenjun2019yundonglei,
  title={运动类App使用现状及发展前景研究——以合肥市高校为例},
  author={张文钧 and 殷振豪 and 张丁洋},
  booktitle={2019年第六届全国大学生统计建模大赛优秀论文集},
  year={2019}
}
